@inproceedings{bibi2015multi,
  title={Multi-template scale-adaptive kernelized correlation filters},
  author={Bibi, Adel and Ghanem, Bernard},
  booktitle={Proceedings of the IEEE International Conference on Computer Vision Workshops},
  pages={50--57},
  year={2015}
}

@inproceedings{bibi20163d,
  title={3d part-based sparse tracker with automatic synchronization and registration},
  author={Bibi, Adel and Zhang, Tianzhu and Ghanem, Bernard},
  booktitle={Proceedings of the IEEE Conference on Computer Vision and Pattern Recognition},
  pages={1439--1448},
  year={2016}
}

@inproceedings{zhang2016defense,
  title={In defense of sparse tracking: Circulant sparse tracker},
  author={Zhang, Tianzhu and Bibi, Adel and Ghanem, Bernard},
  booktitle={Proceedings of the IEEE conference on computer vision and pattern recognition},
  pages={3880--3888},
  year={2016}
}

@inproceedings{bibi2016target,
  title={Target response adaptation for correlation filter tracking},
  author={Bibi, Adel and Mueller, Matthias and Ghanem, Bernard},
  booktitle={European Conference on Computer Vision},
  pages={419--433},
  year={2016},
  organization={Springer}
}


@inproceedings{bibi2017fftlasso,
  title={FFTLasso: Large-Scale LASSO in the Fourier Domain},
  author={Bibi, Adel and Itani, Hani and Ghanem, Bernard},
  year={2017}
}